<?xml version="1.0" encoding="UTF-8"?><collection xmlns="http://www.loc.gov/MARC21/slim"><record><leader>00337nam--2200133-i-4500</leader><controlfield tag="001">000018069</controlfield><controlfield tag="002">20161230</controlfield><controlfield tag="005">20161230201032</controlfield><controlfield tag="008">060222s1000------------r-----000-0-eng-d</controlfield><datafield ind1=" " ind2=" " tag="080"><subfield code="a">57(47)</subfield></datafield><datafield ind1=" " ind2=" " tag="100"><subfield code="a">Dubinin(Acad.M.M.)</subfield></datafield><datafield ind1=" " ind2=" " tag="245"><subfield code="a">Chimia sovieticain epoca stanilista</subfield></datafield><datafield ind1=" " ind2=" " tag="260"><subfield code="a">Bucuresti, Edit.Acad. R.P.R., 1950. 28 P</subfield></datafield><datafield ind1=" " ind2=" " tag="852"><subfield code="a">1728</subfield></datafield></record></collection>